@article{weichsel1962kronecker,
  title={The Kronecker product of graphs},
  author={Weichsel, Paul M},
  journal={Proceedings of the American mathematical society},
  volume={13},
  number={1},
  pages={47--52},
  year={1962},
  publisher={JSTOR}
}



@article{estrada2014maximum,
  title={Maximum walk entropy implies walk regularity},
  author={Estrada, Ernesto and Jos{\'e}, A},
  journal={Linear Algebra and its Applications},
  volume={458},
  pages={542--547},
  year={2014},
  publisher={Elsevier}
}
